<record><leader>00000cas a22000007a 4500</leader><controlfield tag="001">9483616</controlfield><controlfield tag="008">830505d193619uuohuwr ne      0    0eng d</controlfield><datafield ind1=" " ind2=" " tag="010"><subfield code="a">sn 83035111 </subfield></datafield><datafield ind1=" " ind2=" " tag="040"><subfield code="a">NPY</subfield><subfield code="b">eng</subfield><subfield code="c">NPY</subfield><subfield code="d">ONP</subfield><subfield code="d">OCLCQ</subfield></datafield><datafield ind1=" " ind2=" " tag="042"><subfield code="a">msc</subfield></datafield><datafield ind1="0" ind2=" " tag="130"><subfield code="a">Put-in-Bay gazette (Put-in-Bay, Ohio : 1936)</subfield></datafield><datafield ind1="1" ind2="0" tag="245"><subfield code="a">Put in Bay gazette.</subfield></datafield><datafield ind1=" " ind2=" " tag="260"><subfield code="a">Put-in-Bay, Ohio :</subfield><subfield code="b">[s.n.],</subfield><subfield code="c">1936-</subfield></datafield><datafield ind1=" " ind2=" " tag="300"><subfield code="a">v. :</subfield><subfield code="b">ill. ;</subfield><subfield code="c">36 cm.</subfield></datafield><datafield ind1=" " ind2=" " tag="310"><subfield code="a">Weekly (during the summer)</subfield></datafield><datafield ind1="0" ind2=" " tag="362"><subfield code="a">Vol. 1, no. 1 (June 23, 1936)-</subfield></datafield><datafield ind1="1" ind2=" " tag="362"><subfield code="a">Ceased in 1939?</subfield></datafield><datafield ind1=" " ind2=" " tag="500"><subfield code="a">Published "Down by Herman's Bar."</subfield></datafield><datafield ind1=" " ind2=" " tag="752"><subfield code="a">United States</subfield><subfield code="b">Ohio</subfield><subfield code="c">Ottawa</subfield><subfield code="d">Put-in-Bay.</subfield></datafield></record>